<record><leader>00000cas a22000007a 4500</leader><controlfield tag="001">10230999</controlfield><controlfield tag="008">831217d18431845ohuwr ne      0    0eng d</controlfield><datafield ind1=" " ind2=" " tag="010"><subfield code="a">sn 83035657 </subfield></datafield><datafield ind1=" " ind2=" " tag="040"><subfield code="a">NPY</subfield><subfield code="b">eng</subfield><subfield code="c">NPY</subfield><subfield code="d">OCLCQ</subfield></datafield><datafield ind1=" " ind2=" " tag="042"><subfield code="a">msc</subfield></datafield><datafield ind1="0" ind2=" " tag="130"><subfield code="a">True Democrat (Chillicothe, Ohio)</subfield></datafield><datafield ind1="1" ind2="0" tag="245"><subfield code="a">True Democrat.</subfield></datafield><datafield ind1=" " ind2=" " tag="260"><subfield code="a">Chillicothe [Ohio :</subfield><subfield code="b">G. Armstrong],</subfield><subfield code="c">1843-1845.</subfield></datafield><datafield ind1=" " ind2=" " tag="300"><subfield code="a">2 v. :</subfield><subfield code="b">ill. (chiefly advertisements) ;</subfield><subfield code="c">55 cm.</subfield></datafield><datafield ind1=" " ind2=" " tag="310"><subfield code="a">Weekly</subfield></datafield><datafield ind1="0" ind2=" " tag="362"><subfield code="a">Vol. 1, no. 1 (Aug. 2, 1843)-v. 2, no. 52 (July 30, 1845).</subfield></datafield><datafield ind1=" " ind2=" " tag="500"><subfield code="a">"Democrat," Aug. 2, 1843.</subfield></datafield><datafield ind1=" " ind2=" " tag="500"><subfield code="a">Editor: Charles O. Joline, Aug.-Oct. &lt;13&gt;, 1843.</subfield></datafield><datafield ind1=" " ind2=" " tag="580"><subfield code="a">Ceased when Armstrong joined P.W. Bates to begin a new title, the Ancient Metropolis.</subfield></datafield><datafield ind1="1" ind2=" " tag="700"><subfield code="a">Armstrong, George,</subfield><subfield code="d">1794-1856.</subfield></datafield><datafield ind1=" " ind2=" " tag="752"><subfield code="a">United States</subfield><subfield code="b">Ohio</subfield><subfield code="c">Ross</subfield><subfield code="d">Chillicothe.</subfield></datafield><datafield ind1="1" ind2=" " tag="787"><subfield code="t">Ancient metropolis (Chillicothe, Ohio : 1845)</subfield><subfield code="w">(DLC)sn 83035658</subfield></datafield><datafield ind1="1" ind2=" " tag="029"><subfield code="a">AU@</subfield><subfield code="b">000025786883</subfield></datafield></record>